%baselines

@article{SACK,
  title={Simulation-based comparisons of Tahoe, Reno and SACK TCP},
  author={Fall, Kevin and Floyd, Sally},
  journal={ACM SIGCOMM Computer Communication Review},
  volume={26},
  number={3},
  pages={5--21},
  year={1996},
  publisher={ACM}
}

@article{NS2WP,
  title={Performance evaluation and comparison of Westwood+, New Reno, and Vegas TCP congestion control},
  author={Grieco, Luigi A and Mascolo, Saverio},
  journal={ACM SIGCOMM Computer Communication Review},
  volume={34},
  number={2},
  pages={25--38},
  year={2004},
  publisher={ACM}
}

@inproceedings{NS2Val,
  title={Performance analysis of modern TCP variants: A comparison of Cubic, Compound and New Reno},
  author={Abdeljaouad, I and Rachidi, H and Fernandes, S and Karmouch, A},
  booktitle={Communications (QBSC), 2010 25th Biennial Symposium on},
  pages={80--83},
  year={2010},
  organization={IEEE}
}

@inproceedings{NS2Linux,
  title={NS-2 TCP-Linux: an NS-2 TCP implementation with congestion control algorithms from Linux},
  author={Wei, David X and Cao, Pei},
  booktitle={Proceeding from the 2006 workshop on ns-2: the IP network simulator},
  pages={9},
  year={2006},
  organization={ACM}
}

@inproceedings{NS3W,
  title={TCP Westwood (+) protocol implementation in ns-3},
  author={Gangadhar, Siddharth and Nguyen, Truc Anh N and Umapathi, Greeshma and Sterbenz, James PG},
  booktitle={Proceedings of the 6th International ICST Conference on Simulation Tools and Techniques},
  pages={167--175},
  year={2013},
  organization={ICST (Institute for Computer Sciences, Social-Informatics and Telecommunications Engineering)}
}

@inproceedings{NS3Val,
  title={Implementation and validation of TCP options and congestion control algorithms for ns-3},
  author={Casoni, Maurizio and Grazia, Carlo Augusto and Klapez, Martin and Patriciello, Natale},
  booktitle={Proceedings of the 2015 Workshop on ns-3},
  pages={112--119},
  year={2015},
  organization={ACM}
}

%related work

@inproceedings{NS2TCPQ,
  title={Tcp testing: How well does ns2 match reality?},
  author={Bateman, Martin and Bhatti, Saleem},
  booktitle={Advanced Information Networking and Applications (AINA), 2010 24th IEEE International Conference on},
  pages={276--284},
  year={2010},
  organization={IEEE}
}

%other relevant 

@inproceedings{WW,
  title={TCP westwood: Bandwidth estimation for enhanced transport over wireless links},
  author={Mascolo, Saverio and Casetti, Claudio and Gerla, Mario and Sanadidi, Medy Y and Wang, Ren},
  booktitle={Proceedings of the 7th annual international conference on Mobile computing and networking},
  pages={287--297},
  year={2001},
  organization={ACM}
}

@inproceedings{LinuxTCP,
  title={Congestion Control in Linux TCP.},
  author={Sarolahti, Pasi and Kuznetsov, Alexey},
  booktitle={USENIX Annual Technical Conference, FREENIX Track},
  pages={49--62},
  year={2002}
}

@article{RFC2582,
  title={The NewReno modification to TCP's fast recovery algorithm},
  author={Floyd, Sally and Gurtov, Andrei and Henderson, Tom},
  journal={RFC2582},
  year={2004}
}

@article{RFC5681,
  title={TCP Congestion Control},
  author={Allman, M and Paxson, V and Blanton, E},
  journal={RFC5681},
  year={2009}
}

@article{RFC6582,
  title={The NewReno modification to TCP?s fast recovery algorithm},
  author={Henderson, Tom and Floyd, Sally and Gurtov, Andrei and Nishida, Yoshifumi},
  journal={RFC6582},
  year={2012}
}

@article{Inigo,
  title={TCP Inigo: Ambidextrous Congestion Control},
  author={Shewmaker, Andrew G and Maltzahn, Carlos and Obraczka, Katia and Brandt, Scott},
  journal={Technical Report},
  year={2015}
}

@misc{NS324Code,
  title = {NS-3 version 3.24 TCP implementation: \url{http://code.nsnam.org/ns-3.24/file/e8634b0101f7/src/internet/model}},
  author = {NS-3},
  url = {http://code.nsnam.org/ns-3.24/file/e8634b0101f7/src/internet/model},
}

@misc{NS325Code,
  title = {NS-3 version 3.25 TCP implementation: \url{http://code.nsnam.org/ns-3.25/file/3316e06767e7/src/internet/model}},
  author = {NS-3},
  url = {http://code.nsnam.org/ns-3.25/file/3316e06767e7/src/internet/model},
}

@misc{NS3Patch,
  title = {NS-3 version 3.25 TCP implementation: \url{https://www.nsnam.org/bugzilla/show_bug.cgi?id=2188}},
  author = {Patriciello, Natale and Henderson, Tom},
  url = {https://www.nsnam.org/bugzilla/show_bug.cgi?id=2188},
}

@misc{LinuxCode,
  title = {Linux kernel source: \url{https://www.kernel.org/}},
  author = {Linux Kernel Organization},
  url = {https://www.kernel.org/},
}



